@misc{statista_free_paid_apps,
	title = {Distribution of free and paid {Android} apps 2021},
	url = {https://www.statista.com/statistics/266211/distribution-of-free-and-paid-android-apps/},
	abstract = {As of August 2021, 96.9 percent of all Android applications were available for free, while 3.1 percent required payment.},
	language = {en},
	urldate = {2021-10-18},
	journal = {Statista},
}

@misc{appbrain_number_of_apps_google_play,
	title = {Number of {Android} applications on the {Google} {Play} store},
	url = {https://www.appbrain.com/stats/number-of-android-apps},
	abstract = {Data on the development of the number of Android apps on Google Play over time.},
	language = {en},
	urldate = {2021-10-18},
	journal = {AppBrain},
}